@inproceedings{baier2016,
  author       = {Uwe Baier},
  editor       = {Roberto Grossi and
                  Moshe Lewenstein},
  title        = {Linear-time Suffix Sorting - {A} New Approach for Suffix Array Construction},
  booktitle    = {27th Annual Symposium on Combinatorial Pattern Matching, {CPM} 2016,
                  June 27-29, 2016, Tel Aviv, Israel},
  series       = {LIPIcs},
  volume       = {54},
  pages        = {23:1--23:12},
  publisher    = {Schloss Dagstuhl - Leibniz-Zentrum f{\"{u}}r Informatik},
  year         = {2016},
  doi          = {10.4230/LIPICS.CPM.2016.23},
}
