@article{ShannonEntropy,
    author = {Claude Shannon},
    title = {A Mathematical Theory of Communication},
    journal = {Bell System Technical Journal},
    year = {1948},
    volume = {27}
}
