@techreport{burrows1994,
    title        = {A Block-sorting Lossless Data Compression Algorithm},
    author       = {Burrows, M. and Wheeler, D. J.},
    year         = {1994},
    institution  = {Digital Equipment Corporation, Systems Research Center},
    number       = {Research Report 124},
    address      = {Palo Alto, California},
    month        = {May 10}
}
