@article{needleman1970,
    author = {Saul B. Needleman and Christian D. Wunsch},
    title = {A general method applicable to the search for similarities in the amino acid sequence of two proteins},
    journal = {Journal of Molecular Biology},
    volume = {48},
    number = {3},
    pages = {443-453},
    year = {1970},
    doi = {10.1016/0022-2836(70)90057-4},
}


@article{smith1981,
    author = {T.F. Smith and M.S. Waterman},
    title = {Identification of common molecular subsequences},
    journal = {Journal of Molecular Biology},
    volume = {147},
    number = {1},
    pages = {195-197},
    year = {1981},
    doi = {10.1016/0022-2836(81)90087-5},
}
